@MISC{wiki:chi-square,
  title={{Wikipedia: Chi-square distribution}},
  //author={Doe, Ringo},
  //year={2009},
  howpublished={\url{http://en.wikipedia.org/wiki/Chi-square_distribution}}
}

@MISC{wiki:pearson,
  title={{Wikipedia: Pearson's chi-square test}},
  //author={Doe, Ringo},
  //year={2009},
  howpublished={\url{http://en.wikipedia.org/wiki/Pearson's_chi-square_test}}
}


@MISC{wiki:chi-square2,
  title={{Прикладная статистика. Правила проверки согласия опытного распределения с теоретическим}},
  //author={},
  //year={2002},
  howpublished={\url{http://www.ami.nstu.ru/~headrd/seminar/xi_square/22.htm}}
}

@MISC{chernova2006matstat,
  title={{Лекции по математической статистике}},
  author={Чернова, Н.И.},
  year={2006},
  howpublished={\url{http://www.nsu.ru/mmf/tvims/chernova/ms/lec/node46.html}}
}

@MISC{wiki:chi-square4,
  title={Методические указания по выполнению контрольной работы №10 по курсу <<МАТЕМАТИКА>>},
  //author={},
  //year={2002},
  howpublished={\url{http://www.ostu.ru/vzido/resurs/matem/marketing/3semestr/mukr10-3.htm}}
}
